@article{DBLP:journals/corr/ZhangL15,
  author    = {Xiang Zhang and
               Yann LeCun},
  title     = {Text Understanding from Scratch},
  journal   = {CoRR},
  volume    = {abs/1502.01710},
  year      = {2015},
  url       = {http://arxiv.org/abs/1502.01710},
  archivePrefix = {arXiv},
  eprint    = {1502.01710},
  timestamp = {Mon, 13 Aug 2018 16:47:06 +0200},
  biburl    = {https://dblp.org/rec/bib/journals/corr/ZhangL15},
  bibsource = {dblp computer science bibliography, https://dblp.org}
}
@article{lalwani2018implementation,
  title={Implementation of a Chat Bot System using AI and NLP},
  author={Lalwani, Tarun and Bhalotia, Shashank and Pal, Ashish and Bisen, Shreya and Rathod, Vasundhara},
  year={2018}
}

@article{DBLP:journals/corr/YinES16,
  author    = {Wenpeng Yin and
               Sebastian Ebert and
               Hinrich Sch{\"{u}}tze},
  title     = {Attention-Based Convolutional Neural Network for Machine Comprehension},
  journal   = {CoRR},
  volume    = {abs/1602.04341},
  year      = {2016},
  url       = {http://arxiv.org/abs/1602.04341},
  archivePrefix = {arXiv},
  eprint    = {1602.04341},
  timestamp = {Mon, 13 Aug 2018 16:48:18 +0200},
  biburl    = {https://dblp.org/rec/bib/journals/corr/YinES16},
  bibsource = {dblp computer science bibliography, https://dblp.org}
}

@article{DBLP:journals/corr/YuHBP14,
  author    = {Lei Yu and
               Karl Moritz Hermann and
               Phil Blunsom and
               Stephen Pulman},
  title     = {Deep Learning for Answer Sentence Selection},
  journal   = {CoRR},
  volume    = {abs/1412.1632},
  year      = {2014},
  url       = {http://arxiv.org/abs/1412.1632},
  archivePrefix = {arXiv},
  eprint    = {1412.1632},
  timestamp = {Mon, 13 Aug 2018 16:47:00 +0200},
  biburl    = {https://dblp.org/rec/bib/journals/corr/YuHBP14},
  bibsource = {dblp computer science bibliography, https://dblp.org}
}

@inproceedings{yih2014semantic,
  title={Semantic parsing for single-relation question answering},
  author={Yih, Wen-tau and He, Xiaodong and Meek, Christopher},
  booktitle={Proceedings of the 52nd Annual Meeting of the Association for Computational Linguistics (Volume 2: Short Papers)},
  volume={2},
  pages={643--648},
  year={2014}
}

@article{conneau2016very,
  title={Very deep convolutional networks for natural language processing},
  author={Conneau, Alexis and Schwenk, Holger and Barrault, Lo{\i}c and Lecun, Yann},
  journal={arXiv preprint},
  year={2016}
}

% Niklas Papers
@INPROCEEDINGS{RestrictedDomain, 
author={P. Biswas and A. Sharan and N. Malik}, 
booktitle={2014 International Conference on Issues and Challenges in Intelligent Computing Techniques (ICICT)}, 
title={A framework for restricted domain Question Answering System}, 
year={2014}, 
volume={}, 
number={}, 
pages={613-620}, 
keywords={document handling;natural language processing;question answering (information retrieval);restricted domain question answering system;NLP tools;information extraction;question processing module;document processing module;paragraph extraction module;answer extraction module;definition type;descriptive type;factoid type;Indexing;Agriculture;Question Answering System;Question Processing Module;Document Processing Module;Paragraph Extraction Module;Answer Extraction Module;Definition Type Question;Descriptive Type Question;Factoid Type Question}, 
doi={10.1109/ICICICT.2014.6781351}, 
ISSN={}, 
month={Feb},}

@INPROCEEDINGS{ANN, 
author={A. Ansari and M. Maknojia and A. Shaikh}, 
booktitle={2016 IEEE International Conference on Engineering and Technology (ICETECH)}, 
title={Intelligent question answering system based on Artificial Neural Network}, 
year={2016}, 
volume={}, 
number={}, 
pages={758-763}, 
keywords={document handling;natural language processing;neural nets;question answering (information retrieval);intelligent question answering system;artificial neural network;knowledge extraction;ANN;QAS;user document contents;natural language sentences;knowledge units;Artificial neural networks;Biological neural networks;Knowledge engineering;Conferences;Computers;Natural language processing;Question Answering System;NLP;Artificial Neural Network}, 
doi={10.1109/ICETECH.2016.7569350}, 
ISSN={}, 
month={March},}

@INPROCEEDINGS{AutomaticQA, 
author={S. Xu and G. Cheng and F. Kong}, 
booktitle={2016 International Conference on Asian Language Processing (IALP)}, 
title={Research on question classification for Automatic Question Answering}, 
year={2016}, 
volume={}, 
number={}, 
pages={218-221}, 
keywords={natural language processing;pattern classification;question answering (information retrieval);support vector machines;text analysis;question classification;automatic question answering;natural language processing;information retrieval;automatic QA system;SVM-based approach;UIUC corpus;baseline system;Standards;Feature extraction;Support vector machines;Syntactics;Knowledge discovery;Urban areas;Kernel;Automatic Question Answering;Question Classification;Dependency Relation;Top Words}, 
doi={10.1109/IALP.2016.7875972}, 
ISSN={}, 
month={Nov},}

@INPROCEEDINGS{NLPtech, 
author={S. P. Lende and M. M. Raghuwanshi}, 
booktitle={2016 World Conference on Futuristic Trends in Research and Innovation for Social Welfare (Startup Conclave)}, 
title={Question answering system on education acts using NLP techniques}, 
year={2016}, 
volume={}, 
number={}, 
pages={1-6}, 
keywords={document handling;educational administrative data processing;information retrieval systems;legislation;natural language processing;query processing;question answering (information retrieval);search engines;question answering system;closed domain QA system;education acts sections;NLP techniques;natural language processing techniques;information retrieval;prestructured database;natural language document collection;search engine;document handling;Education;Knowledge discovery;Search engines;Natural languages;Data mining;Conferences;Question Answering;NLP;Information Retrieval;Education Acts}, 
doi={10.1109/STARTUP.2016.7583963}, 
ISSN={}, 
month={Feb},}